@misc{schools,
	title="W3Schools",
	url= "https://www.w3schools.com"
}
@misc{stackoverflow,
	title="Stack Overflow",
	url="https://stackoverflow.com"
}
@misc{flaticon,
	title="Flaticon",
	url="https://www.flaticon.com/"
}
@misc{bootstrapicons,
	title="Bootstrap Icons",
	url="https://icons.getbootstrap.com/"
}
@misc{jquery,
	title="jQuery",
	url="https://jquery.com/"
}
@misc{bootsrap,
	title="Bootstrap",
	url="https://getbootstrap.com/"
}
@misc{cherrypydocs,
	title="CherryPy Documentation",
	url="https://docs.cherrypy.dev/en/latest/index.html"
}
@misc{sqlitedocs,
	title="SQLite Documentation",
	url="https://www.sqlite.org/docs.html"
}
@misc{sqlite3docs,
	title="SQLite3 Documentation",
	url="https://docs.python.org/3/library/sqlite3.html"
}
